@electronic{SplayGit,
  author        = "Pascal Felber, Lorenzo Leonini, Etienne Riviere, Valerio Schiavoni, José Valerio",
  title         = "This is the official github repository of the Splay project",
  url           = "https://github.com/splay-project/splay",
  year          = "2019"
}


@electronic{SPLAY,
  author        = "Lorenzo Leonini, Étienne Rivière, Pascal Felber",
  title         = "SPLAY: Distributed Systems Evaluation Made Simple",
  url           = "https://www.usenix.org/legacy/event/nsdi09/tech/full_papers/leonini/leonini_html/",
  year          = ""
}

@electronic{SplayNet,
  author        = "Valerio Schiavoni, Etienne Rivière, Pascal Felber",
  title         = "SplayNet: Distributed User-SpaceTopology Emulation",
  url           = "http://members.unine.ch/valerio.schiavoni/publications/splaynet_middleware13.pdf",
  year          = ""
}

@electronic{ModelNet,
  author        = "Duke University",
  title         = "Modelnet Howto ",
  url           = "http://www.sysnet.ucsd.edu/modelnet/howto.html",
  year          = "2003"
}

@electronic{GitSubmodules,
  author        = "",
  title         = "Git Tools - Submodules",
  url           = "https://git-scm.com/book/en/v2/Git-Tools-Submodules",
  year          = "2019"
}

@electronic{DockerHubGithub,
  author        = "",
  title         = "Set up Automated builds",
  url           = "https://docs.docker.com/docker-hub/builds/",
  year          = "2019"
}

@electronic{BootstrapVue,
  author        = "",
  title         = "Bootstrap + Vue",
  url           = "https://bootstrap-vue.js.org/",
  year          = "2019"
}

@electronic{Bootstrap,
  author        = "",
  title         = "Bootstrap",
  url           = "https://getbootstrap.com/",
  year          = "2019"
}



@electronic{jest,
  author        = "",
  title         = "Jest",
  url           = "https://jestjs.io/",
  year          = "2019"
}


@electronic{eslint,
  author        = "",
  title         = "ESLint",
  url           = "https://eslint.org/",
  year          = "2019"
}

@electronic{axios,
  author        = "",
  title         = "axios : Promise based HTTP client for the browser and node.js ",
  url           = "https://github.com/axios/axios",
  year          = "2019"
}

@electronic{VeeValidate,
  author        = "",
  title         = "VeeValidate : Template Based Validation Framework for Vue.js",
  url           = "https://baianat.github.io/vee-validate/",
  year          = "2019"
}

@electronic{Ace,
  author        = "",
  title         = "Ace - The High performance Code Editor for the Web",
  url           = "https://ace.c9.io/",
  year          = "2019"
}

