@online{redispubsub,
    title     = "Redis Pub Sub",
    howpublished = "\url{https://redis.io/topics/pubsub}",
    note = "[Online; November 2018]"
}

@online{elixir,
    title     = "Elixir Lang",
    howpublished = "\url{https://elixir-lang.org/}",
    note = "[Online; November 2018]"
}

@online{erlang,
    title     = "Erlang",
    howpublished = "\url{https://www.erlang.org/}",
    note = "[Online; November 2018]"
}

@online{otp,
    title     = "Understanding OTP",
    howpublished = "\url{https://learnyousomeerlang.com/what-is-otp}",
    note = "[Online; November 2018]"
}

@online{elixirsupervisor,
    title     = "Understanding Elixir Supervisors",
    howpublished = "\url{https://blog.appsignal.com/2017/08/10/elixir-alchemy-supervisors-building-fault-tolerant-elixir-applications.html}",
    note = "[Online; November 2018]"
}
